@article{ZHANG2018831,
title = "Recent Advances in Energy Chemical Engineering of Next-Generation Lithium Batteries",
journal = "Engineering",
volume = "4",
number = "6",
pages = "831 - 847",
year = "2018",
issn = "2095-8099",
doi = "https://doi.org/10.1016/j.eng.2018.10.008",
author = "Xue-Qiang Zhang and Chen-Zi Zhao and Jia-Qi Huang and Qiang Zhang"
}

@article{FRONCZEK2013183,
title = "Insight into lithium–sulfur batteries: Elementary kinetic modeling and impedance simulation",
journal = "Journal of Power Sources",
volume = "244",
pages = "183 - 188",
year = "2013",
note = "16th International Meeting on Lithium Batteries (IMLB)",
issn = "0378-7753",
doi = "https://doi.org/10.1016/j.jpowsour.2013.02.018",
author = "David N. Fronczek and Wolfgang G. Bessler"
}

@Article{C5EE01388G,
author ="Wild, M. and O{'}Neill, L. and Zhang, T. and Purkayastha, R. and Minton, G. and Marinescu, M. and Offer, G. J.",
title  ="Lithium sulfur batteries{,} a mechanistic review",
journal  ="Energy Environ. Sci.",
year  ="2015",
volume  ="8",
issue  ="12",
pages  ="3477-3494",
publisher  ="The Royal Society of Chemistry",
doi  ="10.1039/C5EE01388G",
}

@article{BRUCKNER201482,
title = "Lithium–sulfur batteries: Influence of C-rate, amount of electrolyte and sulfur loading on cycle performance",
journal = "Journal of Power Sources",
volume = "268",
pages = "82 - 87",
year = "2014",
issn = "0378-7753",
doi = "https://doi.org/10.1016/j.jpowsour.2014.05.143",
author = "Jan Brückner and Sören Thieme and Hannah Tamara Grossmann and Susanne Dörfler and Holger Althues and Stefan Kaskel"
}

@article{akridge2004,
author = {Akridge, James and Mikhaylik, Yuriy and White, Neal},
year = {2004},
month = {11},
pages = {243-245},
title = {Li/S fundamental chemistry and application to high-performance rechargeable batteries},
volume = {175},
journal = {Solid State Ionics},
doi = {10.1016/j.ssi.2004.07.070}
}

@article{CHEN20201605,
title = "Electrode Design with Integration of High Tortuosity and Sulfur-Philicity for High-Performance Lithium-Sulfur Battery",
journal = "Matter",
volume = "2",
number = "6",
pages = "1605 - 1620",
year = "2020",
issn = "2590-2385",
doi = "https://doi.org/10.1016/j.matt.2020.04.011",
author = "Hao Chen and Guangmin Zhou and David Boyle and Jiayu Wan and Hongxia Wang and Dingchang Lin and David Mackanic and Zewen Zhang and Sang Cheol Kim and Hye Ryoung Lee and Hansen Wang and Wenxiao Huang and Yusheng Ye and Yi Cui"
}

@article{liu2016,
author = {Liu, Meinan and Ye, Fangmin and Li, Wanfei and Li, Hongfei and Zhang, Yuegang},
year = {2016},
month = {1},
pages = {94-116},
title = {Chemical routes toward long-lasting lithium/sulfur cells},
volume = {9},
journal = {Nano Research},
doi = {10.1007/s12274-016-1027-8}
}

@article{cheng2019,
author = {Cheng, Zhibin and Pan, Hui and Chen, Jinqing and Meng, Xueping and Wang, Ruihu},
title = {Separator Modified by Cobalt-Embedded Carbon Nanosheets Enabling Chemisorption and Catalytic Effects of Polysulfides for High-Energy-Density Lithium-Sulfur Batteries},
journal = {Advanced Energy Materials},
volume = {9},
number = {32},
pages = {1901609},
doi = {10.1002/aenm.201901609},
year = {2019}
}

@article{pang2015,
author = {Pang, Quan and Tang, Juntao and Huang, He and Liang, Xiao and Hart, Connor and Tam, Kam C and Nazar, Linda F.},
title = {A Nitrogen and Sulfur Dual-Doped Carbon Derived from Polyrhodanine@Cellulose for Advanced Lithium–Sulfur Batteries},
journal = {Advanced Materials},
volume = {27},
number = {39},
pages = {6021-6028},
doi = {10.1002/adma.201502467},
year = {2015}
}

@article{Kumaresan_2008,
doi = {10.1149/1.2937304},
year = 2008,
publisher = {The Electrochemical Society},
volume = {155},
number = {8},
pages = {A576},
author = {Karthikeyan Kumaresan and Yuriy Mikhaylik and Ralph E. White},
title = {A Mathematical Model for a Lithium-Sulfur Cell},
journal = {Journal of The Electrochemical Society},
}

@article{ZHANG2016502,
author = "Teng Zhang and Monica Marinescu and Sylwia Walus and Gregory J. Offer",
title = "Modelling transport-limited discharge capacity of lithium-sulfur cells",
journal = "Electrochimica Acta",
volume = "219",
pages = "502 - 508",
year = "2016",
doi = "https://doi.org/10.1016/j.electacta.2016.10.032",
}

@article{HOFMANN2014300,
title = {Mechanistic modeling of polysulfide shuttle and capacity loss in lithium–sulfur batteries},
journal = {Journal of Power Sources},
volume = {259},
pages = {300 - 310},
year = {2014},
issn = {0378-7753},
doi = {https://doi.org/10.1016/j.jpowsour.2014.02.082},
author = {Andreas F. Hofmann and David N. Fronczek and Wolfgang G. Bessler}
}

@article{REN2016115,
title = "Modeling of lithium-sulfur batteries incorporating the effect of Li2S precipitation",
journal = "Journal of Power Sources",
volume = "336",
pages = "115 - 125",
year = "2016",
issn = "0378-7753",
doi = "https://doi.org/10.1016/j.jpowsour.2016.10.063",
author = "Y.X. Ren and T.S. Zhao and M. Liu and P. Tan and Y.K. Zeng",
}

@article{assary2014,
author = {Assary, Rajeev S. and Curtiss, Larry A. and Moore, Jeffrey S.},
title = {Toward a Molecular Understanding of Energetics in Li–S Batteries Using Nonaqueous Electrolytes: A High-Level Quantum Chemical Study},
journal = {The Journal of Physical Chemistry C},
volume = {118},
number = {22},
pages = {11545-11558},
year = {2014},
doi = {10.1021/jp5015466},
}

@article{kuzmina2019,
author = {Kuz'mina, E. V. and Karaseva, E. V. and Chudova, N. V. and Mel'nikova, A. A. and Kolosnitsyn, V. S.},
title = {On the Possibility of Determination of Thermodynamic Functions of the Li-S Electrochemical System Using the EMF Method},
journal = {Russian Journal of Electrochemistry},
volume = {55},
number = {10},
pages = {978-988},
year = {2019},
doi = {10.1134/S1023193519080081},
}

@misc{cantera,
author = "David G. Goodwin and Raymond L. Speth and Harry K. Moffat
          and Bryan W. Weber",
title = "Cantera: An Object-oriented Software Toolkit for Chemical
         Kinetics, Thermodynamics, and Transport Processes",
year = 2018,
note = "Version 2.4.0",
URL = {https://www.cantera.org},
doi = {10.5281/zenodo.1174508}
}

@Article{assimulo,
Title   = {Assimulo: A unified framework for \{ODE\} solvers },
Author  = {Andersson, Christian and F\"uhrer, Claus and {\AA}kesson, Johan},
Journal = {Mathematics and Computers in Simulation},
Year    = {2015},
Number  = {0},
Pages   = {26 - 43},
Volume  = {116},

Doi     = {http://dx.doi.org/10.1016/j.matcom.2015.04.007},
ISSN    = {0378-4754}
}

@article{DeCaluwe_2018,
doi = {10.1149/2.0241813jes},
year = 2018,
publisher = {The Electrochemical Society},
volume = {165},
number = {13},
pages = {E637--E658},
author = {Steven C. DeCaluwe and Peter J. Weddle and Huayang Zhu and Andrew M. Colclasure and Wolfgang G. Bessler and Gregory S. Jackson and Robert J. Kee},
title = {On the Fundamental and Practical Aspects of Modeling Complex Electrochemical Kinetics and Transport},
journal = {Journal of The Electrochemical Society},
}

@article{mukherjee2018,
author = {Mistry, Aashutosh N. and Mukherjee, Partha P.},
title = {Electrolyte Transport Evolution Dynamics in Lithium–Sulfur Batteries},
journal = {The Journal of Physical Chemistry C},
volume = {122},
number = {32},
pages = {18329-18335},
year = {2018},
doi = {10.1021/acs.jpcc.8b05442},
}

@article{Kupper_2016,
doi = {10.1149/2.0761702jes},
year = 2016,
month = {dec},
publisher = {The Electrochemical Society},
volume = {164},
number = {2},
pages = {A304--A320},
author = {Christian Kupper and Wolfgang G. Bessler},
title = {Multi-Scale Thermo-Electrochemical Modeling of Performance and Aging of a {LiFePO}4/Graphite Lithium-Ion Cell},
journal = {Journal of The Electrochemical Society},
}

@article{TJADEN201644,
title = "On the origin and application of the Bruggeman correlation for analysing transport phenomena in electrochemical systems",
journal = "Current Opinion in Chemical Engineering",
volume = "12",
pages = "44 - 51",
year = "2016",
note = "Nanotechnology / Separation Engineering",
issn = "2211-3398",
doi = "https://doi.org/10.1016/j.coche.2016.02.006",
author = "Bernhard Tjaden and Samuel J Cooper and Daniel JL Brett and Denis Kramer and Paul R Shearing",
}

@article{ANDREI2018469,
title = "Theoretical and experimental analysis of precipitation and solubility effects in lithium-sulfur batteries",
journal = "Electrochimica Acta",
volume = "284",
pages = "469 - 484",
year = "2018",
issn = "0013-4686",
doi = "https://doi.org/10.1016/j.electacta.2018.07.045",
author = "Petru Andrei and Chao Shen and Jim P. Zheng",
}

@article{SAQIB2017266,
title = "In operando infrared spectroscopy of lithium polysulfides using a novel spectro-electrochemical cell",
journal = "Journal of Power Sources",
volume = "364",
pages = "266 - 271",
year = "2017",
issn = "0378-7753",
doi = "https://doi.org/10.1016/j.jpowsour.2017.08.030",
author = "Najmus Saqib and Gretchen M. Ohlhausen and Jason M. Porter",
}

@article{Kang2019,
title = "Cathode porosity is a missing key parameter to optimize lithium-sulfur battery energy density",
journal = "Nature Communications",
volume = "10",
year = "2019",
issn = "2041-1723",
doi = "https://doi.org/10.1038/s41467-019-12542-6",
author = "Ning, Kang and Lin, Yuxiao and Yang, Li and Lu, Dongping and Xiao, Jie and Qi, Yue and Cai, Mei",
}

@article{Neidhardt_2012,
doi = {10.1149/2.023209jes},
year = 2012,
publisher = {The Electrochemical Society},
volume = {159},
number = {9},
pages = {A1528--A1542},
author = {Jonathan P. Neidhardt and David N. Fronczek and Thomas Jahnke and Timo Danner and Birger Horstmann and Wolfgang G. Bessler},
title = {A Flexible Framework for Modeling Multiple Solid, Liquid and Gaseous Phases in Batteries and Fuel Cells},
journal = {Journal of The Electrochemical Society},
}

@article{kamyab2020,
  title={Mathematical Model for Li-S Cell with Shuttling-Induced Capacity Loss Approximation},
  author={Kamyab, Niloofar and Coman, Paul T and Reddy, Shiv Krishna Madi and Santhanagopalan, Shriram and White, Ralph E},
  journal={Journal of The Electrochemical Society},
  volume={167},
  number={13},
  pages={130532},
  year={2020},
  publisher={IOP Publishing}
}

@article{LI20161,
title = "Estimation of energy density of Li-S batteries with liquid and solid electrolytes",
journal = "Journal of Power Sources",
volume = "326",
pages = "1 - 5",
year = "2016",
issn = "0378-7753",
doi = "https://doi.org/10.1016/j.jpowsour.2016.06.109",
author = "Chunmei Li and Heng Zhang and Laida Otaegui and Gurpreet Singh and Michel Armand and Lide M. Rodriguez-Martinez",
}

@article{Kimcurrentcollectors,
author = {Kim Sang Woo,Cho Kuk Young,},
title = {Current Collectors for Flexible Lithium Ion Batteries: A Review of Materials},
journal = {J. Electrochem. Sci. Technol},
volume = {6},
number = {1},
pages = {1-6},
year = {2015},
doi = {10.5229/JECST.2015.6.1.1},
eprint = {http://www.jecst.org/journal/view.php?number=24}
}

@article{Miller_2017,
	doi = {10.1149/2.0091801jes},
	year = 2017,
	month = {nov},
	publisher = {The Electrochemical Society},
	volume = {165},
	number = {1},
	pages = {A6043--A6050},
	author = {Elizabeth C. Miller and Robert M. Kasse and Khloe N. Heath and Brian R. Perdue and Michael F. Toney},
	title = {Operando Spectromicroscopy of Sulfur Species in Lithium-Sulfur Batteries},
	journal = {Journal of The Electrochemical Society},
}

@misc{LiSCode,
    title= "Lithium-Sulfur 1D Model",
 	howpublished = "\url{https://github.com/coresresearch/LiS-Battery}",
    notes={(Accessed date: 6-January-2021)}
}

@misc{LiSPaper,
    title= "Lithium-Sulfur Modeling Paper",
 	howpublished = "\url{https://github.com/coresresearch/Li-Sulfur-Modeling-Paper}",
    notes={(Accessed date: 6-January-2021)}
}

@article{DANNER2019134719,
title = "On the influence of nucleation and growth of S8 and Li2S in lithium-sulfur batteries",
journal = "Electrochimica Acta",
volume = "322",
pages = "134719",
year = "2019",
issn = "0013-4686",
doi = "https://doi.org/10.1016/j.electacta.2019.134719",
author = "Timo Danner and Arnulf Latz",
}

@Article{Zhang2015,
author ="Zhang, Teng and Marinescu, Monica and O{'}Neill, Laura and Wild, Mark and Offer, Gregory",
title  ="Modeling the voltage loss mechanisms in lithium–sulfur cells: the importance of electrolyte resistance and precipitation kinetics",
journal  ="Phys. Chem. Chem. Phys.",
year  ="2015",
volume  ="17",
issue  ="35",
pages  ="22581-22586",
publisher  ="The Royal Society of Chemistry",
doi  ="10.1039/C5CP03566J",
}

@article{Robinson_2021,
	doi = {10.1088/2515-7655/abdb9a},
	year = 2021,
	month = {mar},
	publisher = {{IOP} Publishing},
	volume = {3},
	number = {3},
	pages = {031501},
	author = {James B Robinson and Kai Xi and R Vasant Kumar and Andrea C Ferrari and Heather Au and Maria-Magdalena Titirici and Andres Parra-Puerto and Anthony Kucernak and Samuel D S Fitch and Nuria Garcia-Araez and Zachary L Brown and Mauro Pasta and Liam Furness and Alexander J Kibler and Darren A Walsh and Lee R Johnson and Conrad Holc and Graham N Newton and Neil R Champness and Foivos Markoulidis and Carol Crean and Robert C T Slade and Eleftherios I Andritsos and Qiong Cai and Shumaila Babar and Teng Zhang and Constantina Lekakou and Nivedita Kulkarni and Alexander J E Rettie and Rhodri Jervis and Michael Cornish and Monica Marinescu and Gregory Offer and Zhuangnan Li and Liam Bird and Clare P Grey and Manish Chhowalla and Daniele Di Lecce and Rhodri E Owen and Thomas S Miller and Dan J L Brett and Sebastien Liatard and David Ainsworth and Paul R Shearing},
	title = {2021 roadmap on lithium sulfur batteries},
	journal = {Journal of Physics: Energy},
}